@inbook{runge-kutta4,
    author = "A. Kvelle",
    title = "Forelesning 1.10",
    year  = "2021"
}

@inbook{euler-cromer,
    author = "A. Kvelle",
    title  = "Forelesning 1.10",
    year   = "2021"
}