@misc{comphys_assign,
	author = "Kvellestad, Anders",
	title = "Project 5",
	year  = "2021",
	note = "\url{https://anderkve.github.io/FYS3150/book/projects/project5.html}"
	
}

@misc{comphys_book,
	publisher = {Department of Physics, University of Oslo},
	booktitle = {Computational Physics},
	title = {Computational Physics},
	edition = {1st ed. 2015},
	author = {Hjorth-Jensen, Morten},
}


@book{PetterLangtangenHans2016FDCw,
	abstract = {Computational Science and Engineering; software Engineering; Programming Techniques},
	address = {Cham},
	author = {Petter Langtangen, Hans},
	copyright = {https://creativecommons.org/licenses/by-nc/4.0/legalcode},
	isbn = {9783319485133},
	keywords = {Computational Science and Engineering ; Computer Engineering ; Computer science ; Computers ; Finite differences ; Mathematics ; Programming Techniques ; software Engineering},
	publisher = {Springer Open},
	series = {Lecture Notes in Computational Science and Engineering},
	title = {Finite Difference Computing with Exponential Decay Models (Volume 110.0)},
	volume = {110},
	year = {2016}}
