@inbook{metropolis,
	author = "A. Kvelle",
	title = "Forelesning 04.11",
	year  = "2021"
}

@book{compy_phys_lecture_notes,
	publisher = {Department of Physics, University of Oslo},
	booktitle = {Computational Physics},
	isbn = {-},
	title = {Computational Physics},
	edition = {1st ed. 2015},
	copyright = {-},
	language = {eng},
	author = {Hjorth-Jensen, Morten},
	issn = {-},
}

